00571cas a22002171a 4500
001 999335913502836
003 Nz
005 20161223153246.0
008 040115d19191929nz  r ne      0   0 eng  
035    $a (NLNZils)933591
035    $a (Nz)8187820
035    $a (NLNZils)933591-ilsdb
035    $a (OCoLC)173423885
040    $a NZNB $c NZNB
042    $a nznb
043    $a u-nz---
245 00 $a Whangarei advertiser.
260    $a [Whangarei, N.Z. : $b s.n., $c 1919?-1929]
362 0  $a 1919?-1929
651  0 $a Whangarei (N.Z.) $v Newspapers.
655  7 $a New Zealand newspapers. $2 local $5 Nz
